@incollection{gottstein2004,
  title = {Diffusion},
  booktitle = {Physical {{Foundations}} of {{Materials Science}}},
  author = {Gottstein, Günter},
  editor = {Gottstein, Günter},
  date = {2004},
  pages = {155--196},
  publisher = {Springer},
  location = {Berlin, Heidelberg},
  doi = {10.1007/978-3-662-09291-0_6},
  url = {https://doi.org/10.1007/978-3-662-09291-0_6},
  urldate = {2024-05-30},
  isbn = {978-3-662-09291-0},
  langid = {english}
}

@inproceedings{voter2007,
  title = {{{INTRODUCTION TO THE KINETIC MONTE CARLO METHOD}}},
  booktitle = {Radiation {{Effects}} in {{Solids}}},
  author = {Voter, Arthur F.},
  editor = {Sickafus, Kurt E. and Kotomin, Eugene A. and Uberuaga, Blas P.},
  date = {2007},
  pages = {1--23},
  publisher = {Springer Netherlands},
  location = {Dordrecht},
  doi = {10.1007/978-1-4020-5295-8_1},
  isbn = {978-1-4020-5295-8},
  langid = {english},
  keywords = {Kinetic Monte Carlo,Kinetic Monte Carlo Simulation,Saddle Point,Transition State Theory}
}

@misc{zaiserb,
  title = {Kinetic {{Monte Carlo Simulation}} - {{Problem Statement}}},
  author = {Zaiser, Michael}
}

@book{zotero-656,
  title = {Dummy}
}
